@misc{ext_test,
	author = "Nobody Jr 2",
	title = "My Article",
	year = "2007"
}