@misc{cc,
	author= {Crazy Capybara},
	date= {2014},
}
@misc{bb,
	author= {Busy Bee},
	date= {2015},
	keywords = {internal}
}
